@misc{c1,
	title = "\textbf{Página de manual para el comando ``phoronix-test-suite'' en Ubuntu Server 14.04}",
}

@misc{c2,
	title = "\textbf{Página de manual para el comando ``ab'' en Ubuntu Server 14.04}",
}

@misc{c5a,
	title = "\textbf{C++ Reference: Class Thread (since c++11)}",
	howpublished = "\url{http://www.cplusplus.com/reference/thread/thread/}",
	year = "consultado el 20 de Diciembre de 2016",
}

@misc{c5b,
	title = "\textbf{C++ Reference: High Resolution Clock Now (since c++11)}",
	howpublished = "\url{http://www.cplusplus.com/reference/chrono/high_resolution_clock/now/}",
	year = "consultado el 20 de Diciembre de 2016",
}


