@misc{c1a1,
	title = "\textbf{Página de manual para el archivo ``dpkg.log'' en Ubuntu Server 14.04}",
}

@misc{c1a2,
	title = "\textbf{Página de manual para el comando ``apt-get'' en Ubuntu Server 14.04}",
}

@misc{c1a3,
	title = "\textbf{Página de manual para el archivo ``yum.conf'' en CentOS 7}",
}

@misc{c1b,
	title = "\textbf{Página de manual para el comando ``logrotate'' en Ubuntu Server 14.04}",
}

@misc{c1b2,
	title = "\textbf{Página de manual para el comando ``file'' en Ubuntu Server 14.04}",
}

@misc{c1b3,
	title = "\textbf{Página de manual para el comando ``gzip'' en Ubuntu Server 14.04}",
}

@misc{c2a,
	title = "\textbf{Página de manual para el comando ``cron'' en Ubuntu Server 14.04}",
}

@misc{c2a1,
	title = "\textbf{Página de manual para el comando ``crontab'' en Ubuntu Server 14.04}",
}


@misc{c2b,
	title = "\textbf{Página de manual para el comando ``cron'' en Centos 7}",
}

@misc{c3,
	title = "\textbf{USB Common Class Specification}",
	year = "1997",
	author = "SystemSoft and Intel",
	howpublished = "\url{http://www.usb.org/developers/docs/devclass_docs/usbccs10.pdf}",
}
@misc{c4,
	title= "\textbf{Configurando la salida por pantalla del monitor de rendimiento (en Inglés)}",
	howpublished="\url{https://technet.microsoft.com/en-us/library/cc722300(v=ws.11).aspx}",
	year = "consultado el 30 de noviembre de 2016",
	author = "Microsoft",
}

@misc{c5,
	title= "\textbf{Creando un recopilador de datos manualmente (en Inglés)}",
	howpublished="\url{https://technet.microsoft.com/en-us/library/cc766404(v=ws.11).aspx}",
	year = "consultado el 1 de diciembre de 2016",
	author = "Microsoft",
}

@misc{c7a,
	title = "\textbf{Sysadmin Tips and Tricks - Using strace to Monitor System Calls}",
	howpublished = "\url{http://blog.softlayer.com/2013/sysadmin-tips-and-tricks-using-strace-to-monitor-system-calls}",
	year = "consultado el 6 de diciembre de 2016",
	author = "Lee Latham",
}

@misc{c8,
	title= "\textbf{Documentación oficial de Python: cProfile (en Inglés)}",
	howpublished = "\url{https://docs.python.org/2/library/profile.html\#module-cProfile}",
	year = "consultado el 7 de diciembre de 2016",
	author = "Python",
}
	
	
@misc{c9,
	title = "\textbf{Mastering phpMyAdmin 3.4 for Effective MySQL Management (Capítulo 4 1ª Edición)}",
	author = "Marc Delisle",
	year = "2012",
}

