@misc{c1a,
	title = "\textbf{Página de manual del comando ``yum'' en CentOS 7}",
}

@misc{c1b,
	title = "\textbf{Página de manual del archivo ``yum.conf'' en CentOS 7}",
}

@misc{c2a,
	title = "\textbf{Página de manual del comando ``apt'' en Ubuntu Server 14.04}",
	author = "APT-RPM",
}

@misc{c2b,
	title = "\textbf{Página de manual del archivo ``apt.conf'' en Ubuntu Server 14.04}",
	author = "APT-RPM",
}

@misc{c2c,
	title = "\textbf{Página de manual del archivo ``sources.list'' en Ubuntu Server 14.04}",
	author = "APT-RPM",
}

@misc{c3a,
	title = "\textbf{Página de manual del comando ``ufw'' en Ubuntu Server 14.04}",
}

@misc{c3b,
	title = "\textbf{Página de manual del comando ``firewall-cmd'' en CentOS 7}",
}
@misc{c3c,
	title = "\textbf{Página de manual del comando ``nmap'' en Debian 9 (Stretch)}",
}

@misc{c4,
	title = "\textbf{Red Hat Enterprise Linux. Guía de despliegue. Capítulo 14 OpenSSH}",
	howpublished = "\url{https://access.redhat.com/documentation/en-US/Red_Hat_Enterprise_Linux/6/html/Deployment_Guide/ch-OpenSSH.html#s1-ssh-protocol"}",
	author = "Red Hat",
	year = "consultado el 6 de noviembre de 2016",
}

@misc{c5a,
	title = "\textbf{Página de manual del comando ``ssh'' en Ubuntu Server 14.04}",
}

@misc{c6a,
	title = "\textbf{Página de manual del comando ``ssh-keygen'' en Debian 9 (Stretch)}",
}

@misc{c6b,
	title = "\textbf{Página de manual del comando ``ssh-add'' en Debian 9 (Stretch)}",
}

@misc{c6c,
	title = "\textbf{Página de manual del comando ``ssh-copy-id'' en Debian 9 (Stretch)}",
}

@misc{c7a,
	title = "\textbf{Página de manual del comando ``sshd'' en Ubuntu Server 14.04}",
}

@misc{c7b,
	title = "\textbf{Página de manual del archivo ``sshd\_config'' en Ubuntu Server 14.04}",
}

@misc{c8a,
	title = "\textbf{Página de manual del comando ``service'' en Ubuntu Server 14.04}",
}

@misc{c8b,
	title = "\textbf{Página de manual del comando ``systemctl' en Centos 7}",
}

@misc{c9a,
	title = "\textbf{Guía de Ubuntu Server 14.04 - Aplicaciones LAMP: Vista general}",
	howpublished = "\url{https://help.ubuntu.com/14.04/serverguide/lamp-overview.html}",
	year = "consultado el 10 de noviembre de 2016",
}

@misc{c9b,
	title = "\textbf{Cómo instalar LAMP stack en CentOS 7 (Inglés)}",
	howpublished = "\url{https://www.digitalocean.com/community/tutorials/how-to-install-linux-apache-mysql-php-lamp-stack-on-centos-7}",
	year = "consultado el 10 de noviembre de 2016",
	author = "Mitchell Anicas",
}

@misc{c9c,
	title = "\textbf{Manual de php: mysql\_connect }",
	howpublished = "\url{http://php.net/manual/es/function.mysql-connect.php}",
	year = "consultado el 10 de noviembre de 2016",
	author = "php",
}

@misc{c9d,
	title = "\textbf{Manual de php: phpinfo}",
	howpublished = "\url{http://php.net/manual/es/function.phpinfo.php}",
	year = "consultado el 10 de noviembre de 2016",
	author = "php",
}

@misc{c10,
	title = "\textbf{Instalando IIS 8.5 en Windows Server 2012 R2 (Inglés)}",
	howpublished = "\url{https://www.iis.net/learn/install/installing-iis-85/installing-iis-85-on-windows-server-2012-r2}",
	year = "consultado el 12 de noviembre de 2016",
	author = "IIS",
}

@misc{c11,
	title = "\textbf{Página de manual del comando ``patch'' en Ubuntu 16.10}",
}

@misc{c12a,
	title = "\textbf{webmin: Instalando en Debian (Inglés)}",
	howpublished = "\url{http://www.webmin.com/deb.html}",
	year = "consultado el 11 de noviembre de 2016",
	author = "webmin",
}

@misc{c12a1,
	title = "\textbf{webmin: Instalando el RPM (Inglés)}",
	howpublished = "\url{http://www.webmin.com/rpm.html}",
	year = "consultado el 11 de noviembre de 2016",
	author = "webmin",
}

@misc{c13a,
	title = "\textbf{Guía de Ubuntu Server, Aplicaciones LAMP: phpMyAdmin (Inglés)}",
	howpublished = "\url{https://help.ubuntu.com/lts/serverguide/phpmyadmin.html}",
	year = "consultado el 10 de noviembre de 2016",
	author = "Ubuntu",
}

@misc{c13a-c,
	title = "\textbf{Documentación de phpMyAdmin: Instalación (Inglés)}",
	howpublished = "\url{https://docs.phpmyadmin.net/en/latest/setup.html#red-hat-enterprise-linux}",
	year = "consultado el 12 de noviembre de 2016",
	author = "phpMyAdmin",
}
@misc{c13b,
	title = "\textbf{Manual de php: Descripción de las directivas del fichero: php.ini (Inglés)}",
	howpublished = "\url{http://php.net/manual/en/ini.core.php}",
	year = "consultado el 11 de noviembre de 2016",
	author = "php",
}

@misc{c15a,
	title = "\textbf{Página de manual del comando ``find'' en Ubuntu 16.10}",
}

@misc{c15a2,
	title = "\textbf{Página de manual del comando ``grep'' en Ubuntu 16.10}",
}
@misc{c15b,
	title = "\textbf{Página de manual del comando ``sed'' en Ubuntu 16.10}",
}
@misc{c15c,
	title = "\textbf{Página de manual del comando ``awk'' en Ubuntu Server 14.04}",
}

@misc{c16,
	title = "\textbf{Manual de Python 2.7.12, sección 17.1: módulo subprocess (Inglés)}",
	howpublished = "https://docs.python.org/2/library/subprocess.html",
	year = "consultado el 15 de noviembre de 2016",
	author = "Python",
}

@misc{c17,
	title = "\textbf{Manejando procesos con Cmdlets (Inglés)}",
	howpublished = "https://msdn.microsoft.com/en-us/powershell/scripting/getting-started/cookbooks/managing-processes-with-process-cmdlets",
	year = "consultado el 15 de noviembre de 2016",
	author = "Microsoft",
}
