@misc{c1,
	title = "\textbf{2.2 Setting persistent tuning parameters}",
	howpublished = "\url{https://access.redhat.com/documentation/en-US/Red_Hat_Enterprise_MRG/1.3/html/Realtime_Tuning_Guide/sect-Realtime_Tuning_Guide-General_System_Tuning-Setting_persistent_tuning_parameters.html}",
	date = "consultado el 1 de Enero de 2017",
	author = "Red Hat, Inc.",
}

@misc{c2,
	title = "\textbf{Página de manual para el comando ``sysctl'' en Ubuntu Server 14.04}",
}

@misc{c2a,
	title = "\textbf{Chapter 9. Setting File Handles.}",
	howpublished = "\url{https://access.redhat.com/documentation/en-US/Red_Hat_Enterprise_Linux/5/html/Tuning_and_Optimizing_Red_Hat_Enterprise_Linux_for_Oracle_9i_and_10g_Databases/chap-Oracle_9i_and_10g_Tuning_Guide-Setting_File_Handles.html}",
	date = "consultado el 1 de Enero de 2017",
	author = "Red Hat, Inc.",
}

@misc{c2b,
	title = "\textbf{Configuring the Operating System.}",
	howpublished = "\url{https://docs.oracle.com/cd/E18887_01/html/e18878/ins_asap_preinstall.htm}",
	date = "consultado el 1 de Enero de 2017",
	author = "Oracle",
}

@misc{c3,
	title = "\textbf{Import or Export Keys}",
	howpublished = "\url{https://technet.microsoft.com/en-us/library/cc755091(v=ws.11).aspx*}",
	date = "consultado el 1 de Enero de 2017",
	author = "Microsoft",
}
@misc{c4,
	title = "\textbf{Performance recommendations - MoodleDocs}",
	howpublished = "\url{https://docs.moodle.org/23/en/Performance_recommendations}",
	date = "consultado el 1 de Enero de 2017",
	author = "Moodle",
}

@misc{c5,
	title = "\textbf{httpCompression Element [IIS Setting Schema]}",
	howpublished = "\url{https://msdn.microsoft.com/en-us/library/ms690689(v=vs.90).aspx}",
	date = "consultado el 5 de Enero de 2017",
}

@misc{c6,
	title = "\textbf{Documentación web de Apache]}",
	howpublished = "\url{https://httpd.apache.org/docs/2.0/es/mod/mpm_common.html#maxclients}",
	date = "consultado el 15 de Enero de 2017",
}



