@misc{c1-1,
	author = "Kai Hwang and Jack Dongarra and Geoffrey Fox",
	title = "\textbf{TechNet Magazine - Informática en la nube: Clases de virtualización}\url{https://technet.microsoft.com/es-es/magazine/hh802393.aspx}",
	year = "consultado el 12 de Octubre de 2016",
}

@misc{c2-1,
	title = "\textbf{Arsys-Servidores VPS}\url{https://www.arsys.es/servidores/vps}",
	year = "consultado el 12 de Octubre de 2016",
	author = "Arsys",
}

@misc{c2-2,
	title = "\textbf{Arsys-Servidores Dedicados}\url{https://www.arsys.es/servidores/dedicados}",
	year = "consultado el 12 de Octubre de 2016",
	author = "Arsys",
}

@misc{c2-3,
	title = "\textbf{Hostalia-Servidores VPS Base}\url{https://www.hostalia.com/vps/servidores-vps-base.html}",
	year = "consultado el 12 de Octubre de 2016",
	author = "Hostalia",
}

@misc{c2-4,
	title = "\textbf{Hostalia-Servidores Dedicados}\url{https://www.hostalia.com/dedicados/}",
	year = "consultado el 12 de Octubre de 2016",
	author = "Hostalia",
}
@misc{c2-5,
	title = "\textbf{Unelink-Servidores Virtuales Standard}\url{https://www.unelink.es/servidores-virtuales-standard-33-1567.html}",
	year = "consultado el 12 de Octubre de 2016",
	author = "Unelink",
}

@misc{c2-6,
	title = "\textbf{Unelink-Servidores Dedicados}\url{https://www.unelink.es/servidores-dedicados-32.html}",
	year = "consultado el 12 de Octubre de 2016",
	author = "Unelink",
}

@misc{c3a,
	  title ="\textbf{Comparación de versiones de Windows Server} \url{https://www.microsoft.com/es-es/server-cloud/products/windows-server-2012-r2/comparison.aspx}",
	  year = "consultado el 12 de Octubre de 2016",
	  author = "Microsoft",
}

@misc{c3a1,
	title = "\textbf{Calidad de servicio de almacenamiento para Hyper-V}\url{https://msdn.microsoft.com/es-es/library/dn282281(v=ws.11).aspx}",
	year = "consultado el 12 de Octubre de 2016",
	author = "Microsoft",
}

@misc{c3a2,
	title = "\textbf{Información general de la migración de máquinas virtuales y almacenamiento}\url{https://technet.microsoft.com/es-es/library/jj628158(v=sc.12).aspx}",
	year = "consultado el 12 de Octubre de 2016",
	author = "Microsoft",
}

@misc{c3a3,
	title = "\textbf{Control de acceso dinámico: Información general sobre el escenario}\url{https://msdn.microsoft.com/es-es/library/hh831717(v=ws.11).aspx}",
	year = "consultado el 12 de Octubre de 2016",
	author = "Microsoft",
	}
@misc{c3b,
	title = "\textbf{Instalar Nano Server (Inglés).} \url{https://technet.microsoft.com/en-us/windows-server-docs/get-started/getting-started-with-nano-server}",
	year = "consultado el 12 de Octubre de 2016",
}

@misc{c4a,
	title = "\textbf{Documentación de MAAS. ¿Qué es MAAS? (Inglés).}\url{http://maas.io/docs/en/}",
	year = "consultado el 16 de Octubre de 2016",
	author = "MAAS",
}

@misc{c4a1,
	title = "\textbf{Tour de MAAS (Inglés).} \url{http://maas.io/tour}",
	year = "consultado el 16 de Octubre de 2016",
	author = "Canonical",
}

@misc{c4b,
	title = "\textbf{Página oficial de Landscape(Inglés)} \url{https://landscape.canonical.com/}",
	year = "consultado el 16 de Octubre de 2016",
	author = "Canonical",
}

@misc{c5,
	title = "\textbf{RedHat + CentOS FAQ (Inglés)} \url{http://community.redhat.com/centos-faq/}",
	year = "consultado el 20 de Octubre de 2016",
	author = "RedHat",
}

@misc{c6,
	title = "\textbf{Comparando soluciones software y hardware RAID de Intel.} \url{http://www.intelraid.com/files/Intel_Comparing_Software_RAID_to_Hardware_RAID_Enabled_V4.pdf}",
	year = "consultado el 20 de Octubre de 2016",
	author = "Intel",
}

@misc{c7a,
	title = "\textbf{Introducción a LVM. ¿Qué es? (Inglés)}, \url{https://www.centos.org/docs/5/html/5.1/Deployment_Guide/s1-lvm-intro-whatis.html}",
	year = "consultado el 22 de Octubre de 2016",
	author = "CentOS",
}

@misc{c7b,
	title = "\textbf{LVM HOWTO 2.2 Benefits of Logical Volume Management on a Small System.} \url{http://tldp.org/HOWTO/LVM-HOWTO/benefitsoflvmsmall.html}",
	year = "consultado el 22 de Octubre de 2016",
	author = "AJ Lewis (Rackable Systems)",
}
@misc{c8a,
	title = "\textbf{Manual de FreeBSD. Encriptando Swap. (Inglés)} \url{https://www.freebsd.org/doc/handbook/swap-encrypting.html}",
	year = "consultado el 20 de Octubre de 2016",
	author = "FreeBSD",
}

@misc{c9b,
	title = "\textbf{EXT-4 Howto (Inglés)} \url{https://ext4.wiki.kernel.org/index.php/Ext4_Howto#.22No_Journaling.22_mode}",
	year = "consultado el 26 de Octubre de 2016",
}
@misc{c11-1,
	title = "\textbf{man grub-install(Inglés)} \url{https://linux.die.net/man/8/grub-install}",
	year = "consultado el 26 de Octubre de 2016",
}

@misc{c11-2,
	title = "\textbf{GNU GRUB MANUAL 2.00 (Inglés)}\url{https://www.gnu.org/software/grub/manual/grub.html#Introduction}",
	author = "GNU",
}
@misc{c12-1,
	title = "\textbf{Cómo comprar Windows Server 2012 R2. Información general sobre precios y licencias.} \url{https://www.microsoft.com/es-es/server-cloud/products/windows-server-2012-r2/purchasing.aspx}",
	author = "Microsoft",
	year = "consultado el 22 de Octubre de 2016",
}

@misc{c12-2,
	title = "\textbf{Ediciones de Windows Server 2016.} \url {https://www.microsoft.com/es-es/server-cloud/products/windows-server-2016/default.aspx#MenuItem4}",
	author = "Microsoft",
	year = "consultado el 22 de Octubre de 2016",
}

@misc{c14,
author= "VirtualBox",
title = "\textbf{Manual de VirtualBox. Capítulo 6 (Inglés)} \url{https://www.virtualbox.org/manual/ch06.html}",
year = "consultado el 16 de Octubre de 2016",
}